%% Created by Vitor Carvalho at 2017-01-31 15:34:45 -0300 
%% Saved with string encoding Unicode (UTF-8) 

%% introduction

@article{gonccalves2006perfil,
  title={Perfil da fam{\'\i}lia cuidadora de idoso doente/fragilizado do contexto sociocultural de Florian{\'o}polis, SC},
  author={Gon{\c{c}}alves, Lucia Hisako Takase and Alvarez, Angela Maria and Sena, Edite Lago da Silva and Santana, Luzia Wilma da Silva and Vicente, Fernanda Regina},
  journal={Texto Contexto Enferm},
  volume={15},
  number={4},
  pages={570--7},
  year={2006}
}

@article{da2013gastos,
  title={Gastos relacionados a hospitaliza{\c{c}}{\~o}es de idosos no Brasil: perspectivas de uma d{\'e}cada.},
  author={da Silveira, Rodrigo Eur{\'\i}pedes and da Silva Santos, {\'A}lvaro and de Sousa, Mariana Campos and Monteiro, Taciana Silva Alves},
  journal={Einstein (16794508)},
  volume={11},
  number={4},
  year={2013}
}

@masterthesis{santos2014,
	title={Cenários de internação domiciliar para apoio ao desenvolvimento de aplicações de tecnologia de informação e comunicação na tomada de decisão em governança de sistemas públicos de saúde},
	author={Mayara Paz Albino dos Santos},
	school={UFC},
	year={2014}
}

@article{hermann2007atendimento,
  title={Atendimento domiciliar {\`a} sa{\'u}de: um relato de experi{\^e}ncia},
  author={Hermann, Ana Paula and Lacerda, Maria Ribeiro},
  journal={Cogitare Enfermagem},
  volume={12},
  number={4},
  year={2007}
}

@book{ibge2015tv,
  author    = {IBGE, Instituto Brasileiro de Geografia e Estatística}, 
  title     = {Acesso à Internet e à Televisão e posse de Telefone Móvel Celular para uso pessoal},
  publisher = {IBGE},
  year      = {2015},
  volume    = {1},
  isbn      = {978-85-240-4345-1}
}

@article{triantafyllidis2013,
  title={A pervasive health system integrating patient monitoring, status logging, and social sharing},
  author={Triantafyllidis, Andreas K and Koutkias, Vassilis G and Chouvarda, Ioanna and Maglaveras, Nicos},
  journal={IEEE journal of biomedical and health informatics},
  volume={17},
  number={1},
  pages={30--37},
  year={2013}
}

@inproceedings{moreira2016,
  title={Smart mobile system for pregnancy care using body sensors},
  author={Moreira, M{\'a}rio WL and Rodrigues, Joel JPC and Oliveira, Antonio MB and Saleem, Kashif},
  booktitle={Selected Topics in Mobile \& Wireless Networking (MoWNeT), 2016 International Conference on},
  pages={1--4},
  year={2016},
  editor={},
  organization={IEEE}
}

@monography{day2010beneficios,
  address={Rio grande do Sul},
  author={Day, Carolina Baltar},
  school={Escola de Enfermagem, Universidade Federal do Rio Grande do Sul},
  title={Benef{\'\i}cios da aten{\c{c}}{\~a}o domiciliar ao idoso portador de dano cr{\^o}nico: revis{\~a}o sistem{\'a}tica da literatura},
  type={},
  year={2010}
}

@article{bourdette1993health,
  title={Health care costs of veterans with multiple sclerosis: implications for the rehabilitation of MS},
  author={Bourdette, Dennis N and Prochazka, Allan V and Mitchell, Wayne and Licari, Pat and Burks, Jack and others},
  journal={Archives of physical medicine and rehabilitation},
  volume={74},
  number={1},
  pages={26--31},
  year={1993}
}

@inproceedings{oliveira2010context,
  title={A context-aware framework for health care governance decision-making systems: A model based on the brazilian digital tv},
  author={Oliveira, Mauro and Hairon, Carlos and Andrade, Odorico and Moura, Regis and Sicotte, Claude and Denis, JL and Fernandes, Stenio and Gensel, Jerome and Bringel, Jose and Martin, Herve},
  booktitle={World of Wireless Mobile and Multimedia Networks (WoWMoM), 2010 IEEE International Symposium on a},
  pages={1--6},
  year={2010},
  organization={IEEE}
}

%% health aspects - theoretical review

@book{inaia2008,
	Address = {S{\~a}o Paulo},
	Author = {Inai{\'a} Monteiro Mello},
	Edition = {1},
	url = {http://hc.fm.usp.br/humaniza/pdf/livro/livro_dra_inaia_Humanizacao_nos_Hospitais_do_Brasil.pdf},
	Publisher = {Rede Humaniza - FMUSPHC},
	Title = {Humaniza{\c c}{\~a}o da Assist{\^e}ncia Hospitalar no Brasil: conhecimentos b{\'a}sicos para estudantes e profissionais},
	Year = {2008}}

@article{amaral2001assistencia,
  title={Assist{\^e}ncia domiciliar {\`a} sa{\'u}de (Home Health Care): sua hist{\'o}ria e sua relev{\^a}ncia para o sistema de sa{\'u}de atual},
  author={Amaral, NN do and Cunha, M{\'a}rcia Cristina Bauer and Labronici, RHD and Oliveira, Acary Souza Bulle and Gabbai, Alberto Alain},
  journal={Rev Neurociencias},
  volume={9},
  number={3},
  pages={111--17},
  year={2001}
}

@article{tavolari2000desenvolvimento,
  title={O desenvolvimento do home health care no Brasil},
  author={Tavolari, Carlos Eduardo Lodovici and Fernandes, Fernando and Medina, Patr{\'\i}cia},
  journal={Revista de Administra{\c{c}}{\~a}o em Sa{\'u}de},
  volume={3},
  number={9},
  pages={15--18},
  year={2000}
}

@article{silva2005internaccao,
  title={Interna{\c{c}}{\~a}o domiciliar no Sistema {\'u}nico de Sa{\'u}de},
  author={Silva, K{\^e}nia Lara and Sena, Roseni and Leite, Juliana Carvalho Ara{\'u}jo and Seixas, Clarissa Terenzi and Gon{\c{c}}alves, Alda Martins},
  journal={Revista de Sa{\'u}de P{\'u}blica},
  volume={39},
  number={3},
  pages={391--397},
  year={2005}
}

@masterthesis{carvalho1984,
	title={PRONAN, o alimento da domina{\c c}{\~a}o: controle pol{\'i}tico e persist{\^e}ncia da mis{\'e}ria em Fortaleza},
	author={Angela Julita Leit{\~a}o de Carvalho},
	school={UFC},
	year={1984}
}

@article{giacomozzi2006pratica,
  title={A pr{\'a}tica da assist{\^e}ncia domiciliar dos profissionais da estrat{\'e}gia de sa{\'u}de da fam{\'\i}lia},
  author={Giacomozzi, Cl{\'e}lia Mozara and Lacerda, Maria Ribeiro},
  journal={Texto contexto enferm},
  volume={15},
  number={4},
  pages={645--53},
  year={2006},
  note={SciELO Brasil}
}

@article{lacerda2006atenccao,
  title={Aten{\c{c}}{\~a}o {\`a} sa{\'u}de no domic{\'\i}lio: modalidades que fundamentam sua pr{\'a}tica},
  author={Lacerda, Maria Ribeiro and Giacomozzi, Cl{\'e}lia Mozara and Oliniski, Samantha Reikdal and Truppel, Thiago Christel},
  journal={Sa{\'u}de e Sociedade},
  volume={15},
  number={2},
  pages={88--95},
  year={2006},
  note={SciELO Brasil}
}

%% technology aspects - theoretical review

%% lariisa
@inproceedings{gardini2015,
  title={Evolving an Intelligent Framework for Decision-Making Process in e-Health Systems},
  author={Gardini, Leonardo M. and Oliveira, Carina and Braga, Reinaldo and Ramos, Ronaldo and Monteiro, Odorico and Oliveira, Mauro},
  booktitle={11th International Workshop on Operations Research},
  year={2015}
}

@book{houaiss2001dicionario,
  title={Dicion{\'a}rio eletr{\^o}nico Houaiss da l{\'\i}ngua portuguesa},
  author={Houaiss, Ant{\^o}nio},
  year={2001},
  publisher={Ed. Objetiva}
}

@book{marwedel2010embedded,
  title={Embedded system design: Embedded systems foundations of cyber-physical systems},
  author={Marwedel, Peter},
  year={2010},
  publisher={Springer Science \& Business Media}
}

@book{wolf2012computers,
  title={Computers as components: principles of embedded computing system design},
  author={Wolf, Marilyn},
  year={2012},
  publisher={Elsevier}
}

% era pos-pc
@book{bonilla2011inclusao,
  title={Inclus{\~a}o digital: pol{\^e}mica contempor{\^a}nea},
  author={Bonilla, Maria Helena Silveira and Pretto, Nelson De Luca},
  year={2011},
  publisher={EDUFBA}
}

% era pos-pc
@ARTICLE{chen2011pospc, 
	author={T. M. Chen}, 
	journal={IEEE Network}, 
	title={30th anniversary of the PC and the post-PC era [Editor's Note]}, 
	year={2011}, 
	volume={25}, 
	number={5}, 
	pages={2-3}, 
	doi={10.1109/MNET.2011.6033028}, 
	ISSN={0890-8044}, 
	month={September}
}

% era pos-pc
@article{press1999personal,
  title={Personal computing: the post-PC era},
  author={Press, Larry},
  journal={Communications of the ACM},
  volume={42},
  number={10},
  pages={21--24},
  year={1999},
  note={ACM}
}

@inproceedings{de2003computaccao,
  title={Computa{\c{c}}{\~a}o ub{\'\i}qua: Princ{\'\i}pios, tecnologias e desafios},
  author={de Araujo, Regina Borges},
  booktitle={XXI Simp{\'o}sio Brasileiro de Redes de Computadores},
  volume={8},
  pages={11--13},
  editor={},
  year={2003}
}

@article{lyytinen2002ubiquitous,
  title={Ubiquitous computing},
  author={Lyytinen, Kalle and Yoo, Youngjin},
  journal={Communications of the ACM},
  volume={45},
  number={12},
  pages={63--96},
  year={2002}
}

@article{want2006introduction,
  title={An introduction to RFID technology},
  author={Want, Roy},
  journal={IEEE pervasive computing},
  volume={5},
  number={1},
  pages={25--33},
  year={2006},
  note={IEEE}
}

@article{weiser1991computer,
  title={The computer for the 21st century},
  author={Weiser, Mark},
  journal={Scientific american},
  volume={265},
  number={3},
  pages={94--104},
  year={1991},
  note={Nature Publishing Group}
}

@article{bolsoni2009computaccao,
  title={Computa{\c{c}}{\~a}o Ub{\'\i}qua, Cloud Computing e PLC para Continuidade Comunicacional diante de Desastres},
  author={Bolsoni, Evandro Paulo and Cardoso, Carla and SOUZA, Carlos Henrique Medeiros de},
  journal={V Semin{\'a}rio Internacional de Defesa Civil--DEFENCIL},
  year={2009}
}

% exemplo de objeto com sensor 1
@misc{yang2005trash,
  title={Trash can with sensor},
  author={Yang, Frank},
  year={2005},
  month={03},
  publisher={Google Patents},
  note={US Patent App. 11/074,140}
}

% exemplo de objeto com sensor 2
@inproceedings{hou2013,
  author={Wang,  Xi and Wang, Xiao Ying and Hou, Rui Chun},
  title={A Food Management System Based on IOT for Smart Refrigerator},
  year={2013},
  month={12},
  volume={427},
  pages={2936--2939},
  booktitle={Mechanical Engineering, Industrial Electronics and Information Technology Applications in Industry},
  series={Applied Mechanics and Materials},
  publisher={Trans Tech Publications},
  doi={10.4028/www.scientific.net/AMM.427-429.2936},
  editor={},
  keywords={Storage, Management System, Smart Refrigerator, Information Collection, Internet of Things (IOT)}
}

@book{hansmann2013pervasive,
  title={Pervasive computing handbook},
  author={Hansmann, Uwe and Merk, Lothar and Nicklous, Martin S and Stober, Thomas},
  year={2013},
  publisher={Springer Science \& Business Media}
}

@INPROCEEDINGS{warren2002sensors, 
author={S. Warren and Jianchu Yao and G. E. Barnes}, 
booktitle={Proceedings of the Second Joint 24th Annual Conference and the Annual Fall Meeting of the Biomedical Engineering Society] [Engineering in Medicine and Biology}, 
title={Wearable sensors and component-based design for home health care}, 
year={2002}, 
volume={3}, 
pages={1871-1872 vol.3}, 
doi={10.1109/IEMBS.2002.1053069}, 
ISSN={1094-687X}, 
editor={},
month={Oct}
}

@inproceedings{schilit1994context,
  title={Context-aware computing applications},
  author={Schilit, Bill and Adams, Norman and Want, Roy},
  booktitle={Mobile Computing Systems and Applications, 1994. WMCSA 1994. First Workshop on},
  pages={85--90},
  year={1994},
  editor={},
  organization={IEEE}
}

@article{dey2001understanding,
  title={Understanding and using context},
  author={Dey, Anind K},
  journal={Personal and ubiquitous computing},
  volume={5},
  number={1},
  pages={4--7},
  year={2001},
  note={Springer-Verlag}
}

@inproceedings{pascoe1998adding,
  title={Adding generic contextual capabilities to wearable computers},
  author={Pascoe, Jason},
  booktitle={Wearable Computers, 1998. Digest of Papers. Second International Symposium on},
  pages={92--99},
  year={1998},
  editor={},
  organization={IEEE}
}

@inproceedings{davies1999caches,
  title={'Caches in the air': disseminating tourist information in the GUIDE system},
  author={Davies, Nigel and Cheverst, Keith and Mitchell, Keith and Friday, Adrian},
  booktitle={Mobile Computing Systems and Applications, 1999. Proceedings. WMCSA'99. Second IEEE Workshop on},
  pages={11--19},
  year={1999},
  editor={},
  organization={IEEE}
}

%% iot
@article{ashton2009internet,
  title={That ‘internet of things’ thing},
  author={Ashton, Kevin},
  journal={RFiD Journal},
  volume={22},
  number={7},
  pages={97--114},
  year={2009}
}

@article{lewis2004wireless,
  title={Wireless sensor networks},
  author={Lewis, Franck L and others},
  journal={Smart environments: technologies, protocols, and applications},
  pages={11--46},
  year={2004},
  note={New York: Wiley}
}

@incollection{uckelmann2011architectural,
  title={An architectural approach towards the future internet of things},
  author={Uckelmann, Dieter and Harrison, Mark and Michahelles, Florian},
  booktitle={Architecting the internet of things},
  pages={1--24},
  year={2011},
  editor={},
  publisher={Springer}
}

@article{gil2016internet,
  title={Internet of Things: A Review of Surveys Based on Context Aware Intelligent Services},
  author={Gil, David and Ferr{\'a}ndez, Antonio and Mora-Mora, Higinio and Peral, Jes{\'u}s},
  journal={Sensors},
  volume={16},
  number={7},
  pages={1069},
  year={2016},
  publisher={Multidisciplinary Digital Publishing Institute}
}

@article{cerpiot2009,
  title = {Internet of Things Strategic Research Roadmap},
  author = {CERP-IoT},
  year = {2009}
}

@article{li2015internet,
  title={The internet of things: a survey},
  author={Li, Shancang and Da Xu, Li and Zhao, Shanshan},
  journal={Information Systems Frontiers},
  volume={17},
  number={2},
  pages={243--259},
  year={2015},
  note={Springer}
}

@article{pretz2013next,
  title={The next evolution of the internet},
  author={Pretz, Kathy},
  journal={IEEE Magazine The institute},
  volume={50},
  number={5},
  year={2013}
}

@article{guillemin2009internet,
  title={Internet of things strategic research roadmap},
  author={Guillemin, Patrick and Friess, Peter and others},
  journal={The Cluster of European Research Projects, Tech. Rep},
  year={2009}
}

@article{xu2014ubiquitous,
  title={Ubiquitous data accessing method in IoT-based information system for emergency medical services},
  author={Xu, Boyi and Da Xu, Li and Cai, Hongming and Xie, Cheng and Hu, Jingyuan and Bu, Fenglin},
  journal={IEEE Transactions on Industrial Informatics},
  volume={10},
  number={2},
  pages={1578--1586},
  year={2014},
  note={IEEE}
}

@article{perera2014context,
  title={Context aware computing for the internet of things: A survey},
  author={Perera, Charith and Zaslavsky, Arkady and Christen, Peter and Georgakopoulos, Dimitrios},
  journal={IEEE Communications Surveys \& Tutorials},
  volume={16},
  number={1},
  pages={414--454},
  year={2014},
  note={IEEE}
}
%% openiot

@incollection{soldatos2015openiot,
  title={Openiot: Open source internet-of-things in the cloud},
  author={Soldatos, John and Kefalakis, Nikos and Hauswirth, Manfred and Serrano, Martin and Calbimonte, Jean-Paul and Riahi, Mehdi and Aberer, Karl and Jayaraman, Prem Prakash and Zaslavsky, Arkady and {\v{Z}}arko, Ivana Podnar and others},
  booktitle={Interoperability and open-source solutions for the internet of things},
  pages={13--25},
  year={2015},
  editor={},
  publisher={Springer}
}

%% cap. 4

@ONLINE{digitaltv2015decree,
author = {Rep{\'u}blica do Brasil},
title = {Sistema Brasileiro de Televisão Digital - SBTVD},
month = nov,
year = {2003},
url = {http://www.planalto.gov.br/ccivil_03/decreto/2003/D4901.htm}
}
    
%% trabalhos relacionados (cap. 3)

@article{koch2006home,
  title={Home telehealth—current state and future trends},
  author={Koch, Sabine},
  journal={International journal of medical informatics},
  volume={75},
  number={8},
  pages={565--576},
  year={2006},
  note={Elsevier}
}

@article{pare2007systematic,
  title={Systematic review of home telemonitoring for chronic diseases: the evidence base},
  author={Par{\'e}, Guy and Jaana, Mirou and Sicotte, Claude},
  journal={Journal of the American Medical Informatics Association},
  volume={14},
  number={3},
  pages={269--277},
  year={2007},
  note={The Oxford University Press}
}

@article{isern2011agent,
  title={Agent-based execution of personalised home care treatments},
  author={Isern, David and Moreno, Antonio and S{\'a}nchez, David and Hajnal, {\'A}kos and Pedone, Gianfranco and Varga, L{\'a}szl{\'o} Z},
  journal={Applied Intelligence},
  volume={34},
  number={2},
  pages={155--180},
  year={2011},
  note={Springer}
}

@inproceedings{capozzi2010agent,
  title={An agent-based architecture for home care monitoring and education of chronic patients},
  author={Capozzi, Davide and Lanzola, Giordano},
  booktitle={Complexity in Engineering, 2010. COMPENG'10.},
  pages={138--140},
  year={2010},
  editor={},
  organization={IEEE}
}

@article{bajo2010thomas,
  title={The THOMAS architecture in Home Care scenarios: A case study},
  author={Bajo, Javier and Fraile, Juan A and P{\'e}rez-Lancho, Bel{\'e}n and Corchado, Juan M},
  journal={Expert Systems with Applications},
  volume={37},
  number={5},
  pages={3986--3999},
  year={2010},
  note={Elsevier}
}

@article{costa2012sensor,
  title={Sensor-driven agenda for intelligent home care of the elderly},
  author={Costa, {\^A}ngelo and Castillo, Jos{\'e} Carlos and Novais, Paulo and Fern{\'a}ndez-Caballero, Antonio and Simoes, Ricardo},
  journal={Expert Systems with Applications},
  volume={39},
  number={15},
  pages={12192--12204},
  year={2012},
  note={Elsevier}
}

@article{palumbo2014sensor,
  title={Sensor network infrastructure for a home care monitoring system},
  author={Palumbo, Filippo and Ullberg, Jonas and {\v{S}}timec, Ales and Furfari, Francesco and Karlsson, Lars and Coradeschi, Silvia},
  journal={Sensors},
  volume={14},
  number={3},
  pages={3833--3860},
  year={2014},
  note={Multidisciplinary Digital Publishing Institute}
}

@article{spinsante2012remote,
  title={Remote health monitoring by OSGi technology and digital TV integration},
  author={Spinsante, Susanna and Gambi, Ennio},
  journal={IEEE Transactions on Consumer Electronics},
  volume={58},
  number={4},
  year={2012},
  note={IEEE}
}

@article{niiranen2002personal,
  title={Personal health care services through digital television},
  author={Niiranen, Samuli and Lamminen, Hannu and Mattila, Heikki and Niemi, Kirsi and Kalli, Seppo},
  journal={Computer methods and programs in biomedicine},
  volume={68},
  number={3},
  pages={249--259},
  year={2002},
  note={Elsevier}
}

@article{chan2008mobile,
  title={Mobile e-Health monitoring: an agent-based approach},
  author={Chan, Victor and Ray, Pradeep and Parameswaran, Nandan},
  journal={IET communications},
  volume={2},
  number={2},
  pages={223--230},
  year={2008},
  note={IET}
}

@inproceedings{oliveira2009implementing,
  title={Implementing home care application in Brazilian Digital TV},
  author={Oliveira, Mauro and Cunha, Paulo RF and da Silva Santos, Marcos Eduardo and Bezerra, Julio Cesar Cavalcante},
  booktitle={Information Infrastructure Symposium, 2009. GIIS'09. Global},
  pages={1--7},
  year={2009},
  organization={IEEE}
}

@masterthesis{mota2016,
	title={Plataforma NextSAÚDE - Uma solução de interoperabilidade para a gestão pública de saúde baseada no padrão OpenEHR},
	author={Henrique Nogueira da Gama Mota},
	school={UFC},
	year={2016}
}

